<record><leader>00000cas a22000007a 4500</leader><controlfield tag="001">10036524</controlfield><controlfield tag="008">831020c19399999wiucr ne      0   a0eng d</controlfield><datafield ind1=" " ind2=" " tag="010"><subfield code="a">sn 83004538 </subfield></datafield><datafield ind1=" " ind2=" " tag="040"><subfield code="a">NSD</subfield><subfield code="b">eng</subfield><subfield code="c">NSD</subfield><subfield code="d">NPV</subfield><subfield code="d">OCLCQ</subfield></datafield><datafield ind1=" " ind2=" " tag="012"><subfield code="m">1</subfield></datafield><datafield ind1="1" ind2=" " tag="022"><subfield code="a">0746-4274</subfield><subfield code="l">0746-4274</subfield><subfield code="2">1</subfield></datafield><datafield ind1=" " ind2=" " tag="032"><subfield code="a">303000</subfield><subfield code="b">USPS</subfield></datafield><datafield ind1=" " ind2=" " tag="037"><subfield code="b">Lakeland Times, POB 738, Minocqua, WI, 54548</subfield></datafield><datafield ind1=" " ind2=" " tag="042"><subfield code="a">nsdp</subfield></datafield><datafield ind1=" " ind2="0" tag="222"><subfield code="a">Lakeland times</subfield></datafield><datafield ind1="0" ind2="0" tag="245"><subfield code="a">Lakeland times.</subfield></datafield><datafield ind1="3" ind2="0" tag="246"><subfield code="a">Northern Wisconsin lakeland times</subfield></datafield><datafield ind1=" " ind2=" " tag="260"><subfield code="a">Minocqua, Wis. :</subfield><subfield code="b">E.E. Fisher,</subfield><subfield code="c">1939-</subfield></datafield><datafield ind1=" " ind2=" " tag="300"><subfield code="a">v.</subfield></datafield><datafield ind1=" " ind2=" " tag="310"><subfield code="a">Semiweekly</subfield></datafield><datafield ind1=" " ind2=" " tag="321"><subfield code="a">Weekly,</subfield><subfield code="b">1983</subfield></datafield><datafield ind1="0" ind2=" " tag="362"><subfield code="a">Forty-eighth year, no. 46 (May 12, 1939)-</subfield></datafield><datafield ind1=" " ind2=" " tag="500"><subfield code="a">Publisher varies.</subfield></datafield><datafield ind1=" " ind2=" " tag="752"><subfield code="a">United States</subfield><subfield code="b">Wisconsin</subfield><subfield code="c">Oneida</subfield><subfield code="d">Minocqua.</subfield></datafield><datafield ind1="0" ind2="0" tag="780"><subfield code="t">Minocqua times</subfield><subfield code="w">(DLC)sn 86086856</subfield></datafield><datafield ind1=" " ind2=" " tag="936"><subfield code="a">Oct. 7, 1983</subfield></datafield></record>